<?xml version="1.0" encoding="UTF-8"?><collection xmlns="http://www.loc.gov/MARC21/slim"><record><leader>00448nam--2200181-i-4500</leader><controlfield tag="001">000012638</controlfield><controlfield tag="002">20161230</controlfield><controlfield tag="005">20161230201029</controlfield><controlfield tag="008">060222s1000------------r-----000-0-rus-d</controlfield><datafield ind1=" " ind2=" " tag="040"><subfield code="a">IFIN-HH</subfield></datafield><datafield ind1=" " ind2=" " tag="041"><subfield code="a">rus</subfield></datafield><datafield ind1=" " ind2=" " tag="080"><subfield code="a">539.1</subfield></datafield><datafield ind1="1" ind2=" " tag="100"><subfield code="a">Valter, A.K</subfield></datafield><datafield ind1="1" ind2="0" tag="245"><subfield code="a">Iadernaia fizika</subfield><subfield code="c">A.k. valter, i.i. zalyubovskii</subfield></datafield><datafield ind1=" " ind2=" " tag="260"><subfield code="a">Harkov</subfield><subfield code="b">Visa Skola</subfield><subfield code="c">1974</subfield></datafield><datafield ind1="1" ind2=" " tag="700"><subfield code="a">Zalyubovskii, I.I</subfield></datafield><datafield ind1=" " ind2=" " tag="852"><subfield code="a">42295</subfield><subfield code="c">539</subfield></datafield><datafield ind1=" " ind2=" " tag="CAT"><subfield code="a">Sys</subfield><subfield code="c">20111010</subfield><subfield code="h">162521</subfield></datafield></record></collection>